@book{bannon2009,
  title={The Elements of Subtitles, Revised and Expanded Edition: A Practical Guide to the Art of Dialogue, Character, Context, Tone and Style in Subtitling},
  author={Bannon, D},
  year={2009},
  publisher={Lulu.com}
}

@book{doring2006,
 address = {Berlin},
 author = {Döring, Sigrun},
 publisher = {Frank \& Timme GmbH},
 title = {Kulturspezifika im Film: Probleme ihrer Translation},
 volume = {10},
 year = {2006}
}


@incollection{demarco2009,
 address = {Bristol},
 author = {De Marco, Marcella},
 booktitle = {New Trends in Audiovisual Translation},
 editor = {Díaz Cintas, Jorge},
 pages = {176--194},
 publisher = {Multilingual Matters},
 title = {Gender Portrayal in Dubbed and Subtitled Comedies},
 year = {2009}
}


@incollection{delabastita1990,
 address = {London},
 author = {Delabastita, Dirk},
 editor = {Bassnett, Susan and André Lefevere},
 journal = {Translation, History and Culture},
 pages = {97--109},
 publisher = {Pinter Publishers},
 title = {Translation and the Mass Media},
 year = {1990}
}


@book{diaz2009,
 author = {D\'{\i{}}az-Cintas, Jorge and Anderman, Gunilla},
 publisher = {Palgrave Macmillan},
 title = {Audiovisual Translation},
 year = {2009}
}


@book{orero2007,
 address = {Amsterdam},
 editor = {Díaz Cintas, Jorge},
 publisher = {Rodopi},
 title = {Media for all: subtitling for the deaf, audio description, and sign language},
 volume = {30},
 year = {2007}
}


@book{cintas2009,
 address = {Bristol, Buffalo, Toronto},
 editor = {Cintas, Jorge Díaz},
 publisher = {Multilingual Matters},
 title = {New trends in audiovisual translation},
 year = {2009}
}


@book{dirscherl1993,
 address = {Passau},
 author = {Dirscherl, Klaus},
 publisher = {Wissenschaftsverlag Rothe},
 title = {Bild und Text im Dialog},
 year = {1993}
}


@book{dries1995,
 address = {Düsseldorf},
 author = {Dries, Josephine},
 publisher = {European institute for the media},
 title = {Dubbing and Subtitling: Guidelines for Production \& Distribution},
 year = {1995}
}


@misc{E-Teaching2009,
 title = {Eye-{Tracking} — e-teaching.org},
 url = {http://www.e-teaching.org/didaktik/qualitaet/eye/},
 urldate = {21 Januar 2012}
}


@incollection{fernandez2009,
 author = {Fernández Fernández, María Jesús},
 booktitle = {New Trends in Audiovisual Translation},
 editor = {Díaz Cintas, Jorge},
 pages = {210--225},
 publisher = {Multilingual Matters},
 title = {The translation of swearing in the dubbing of the film South Park into Spanish},
 year = {2009}
}


@misc{Flothow2009,
 author = {Flothow, Sebastian},
 publisher = {Hochschule RheinMain},
 title = {Eye Tracking. Ein Überblick über Geschichte, Methoden und Anwendung.},
 url = {http://www.cs.hs-rm.de/~linn/fachsem0809/eyetracking/Eye_Tracking.pdf},
 urldate = {26 Juni 2012},
 year = {2009}
}

@book{gopferich2008,
 address = {Tübingen},
 author = {Göpferich, Susanne},
 publisher = {Narr},
 title = {Translationsprozessforschung: Stand-Methoden-Perspektiven},
 volume = {4},
 year = {2008}
}


@book{gambier2001,
 address = {Amsterdam},
 author = {Gambier, Yves and Gottlieb, Henrik},
 publisher = {John Benjamins Publishing},
 title = {(Multi) media translation: concepts, practices, and research},
 volume = {34},
 year = {2001}
}


@incollection{georgakopoulou2009,
 author = {Georgakopoulou, Panayota},
 booktitle = {Audiovisual Translation: Language Transfer on Screen},
 editor = {Díaz Cintas, Jorge and Anderman, Gunilla},
 pages = {21--35},
 publisher = {Palgrave Macmillan},
 title = {Subtitling for the DVD Industry},
 year = {2009}
}


@book{goldstein2009,
 author = {Goldstein, Angelika},
 address = {Hamburg},
 publisher = {Kovac},
 title = {Foreign Language Movies - Dubbing vs. Subtitling: Lost in Translation or not?},
 year = {2009}
}


@book{kranich2011,
 address = {Amsterdam/Philadelphia},
 author = {Kranich, Svenja and Becher, Viktor and Höder, Steffen and House, Juliane},
 editor = {Hansen-Schirra, Silvia},
 pages = {135--162},
 publisher = {John Benjamins Publishing},
 title = {Multilingual discourse production: diachronic and synchronic perspectives},
 volume = {12},
 year = {2011}
}


@book{ivarssoncarroll2009,
 address = {Simrishamn},
 author = {Ivarsson, Jan and Carroll, Mary},
 publisher = {TransEdit},
 year = {2009},
 title = {Subtitling}
}


@book{jungst2010,
 address = {Tübingen},
 author = {Jüngst, Heike E.},
 publisher = {Narr},
 title = {Audiovisuelles {\"U}bersetzen. Ein Lehr-und Arbeitsbuch.},
 year = {2010}
}


@misc{Joos2002,
 author = {Joos, Markus and Rötting, Matthias and Velichkovsky, Boris M.},
 publisher = {TU Dresden},
 title = {Bewegungen des menschlichen Auges: Fakten, Methoden und innovative Anwendungen},
 url = {https://tu-dresden.de/die_tu_dresden/fakultaeten/fakultaet_mathematik_und_naturwissenschaften/fachrichtung_psychologie/i3/applied-cognition/publikationen/pdf/joos2002.pdf},
 urldate = {23 Mai 2012},
 year = {2002}
}


@article{justcarpenter1980,
 author = {Just, Marcel A and Carpenter, Patricia A},
 journal = {Psychological review},
 number = {4},
 pages = {329--354},
 publisher = {American Psychological Association},
 title = {A theory of reading: from eye fixations to comprehension.},
 volume = {87},
 year = {1980}
}


@article{justcarpenter1976,
 author = {Just, Marcel Adam and Carpenter, Patricia A},
 journal = {Cognitive psychology},
 number = {4},
 pages = {441--480},
 publisher = {Elsevier},
 title = {Eye fixations and cognitive processes},
 volume = {8},
 year = {1976}
}


@article{kaakinen2003,
 author = {Kaakinen, Johanna K and Hyönä, Jukka and Keenan, Janice M},
 journal = {Journal of Experimental Psychology: Learning, Memory, and Cognition},
 number = {3},
 pages = {447--457},
 publisher = {American Psychological Association},
 title = {How prior knowledge, WMC, and relevance of information affect eye fixations in expository text.},
 volume = {29},
 year = {2003}
}


@book{karamitroglou2000,
 address = {Amsterdam/Atlanta},
 author = {Karamitroglou, Fotios},
 publisher = {Rodopi},
 title = {Towards a methodology for the investigation of norms in audiovisual translation: The choice between subtitling and revoicing in Greece},
 volume = {15},
 year = {2000}
}


@book{liessner1998,
 address = {Essen},
 author = {Ließner, S.},
 publisher = {BDÜ},
 title = {Untertitelung einer Episode der BBC Sitcom "Yes Minister"},
 year = {1998}
}


@book{luyken1991,
  title={Overcoming language barriers in television: Dubbing and subtitling for the European audience},
  author={Luyken, Georg-Michael and Herbst, Thomas and Langham-Brown, Jo and Reid, Helen and Spinhof, Hermann},
  volume={13},
  year={1991},
  publisher={European Institute for the Media Manchester},
  address={Manchester}
}

@article{pettit2009,
 author = {Pettit, Zoë},
 editor = {Dìaz Cintas, Jorge},
 publisher = {Multilingual Matters},
 title = {Connecting cultures: Cultural transfer in subtitling and dubbing},
 year = {2009}
}


@misc{SEO2010,
 publisher = {SEO Blog},
 title = {Eyetracking: Analyse des Nutzungsverhaltens},
 url = {http://www.myseosolution.de/eyetracking-analyse-webseite/},
 urldate = {11 April 2012},
 year = {2010}
}


@article{traxler1996,
 author = {Traxler, Matthew J and Pickering, Martin J},
 journal = {Journal of Memory and Language},
 number = {3},
 pages = {454--475},
 publisher = {Elsevier},
 title = {Plausibility and the processing of unbounded dependencies: An eye-tracking study},
 volume = {35},
 year = {1996}
}


@misc{UX2011,
 author = {Leggett, David},
 title = {A Brief History of Eye-Tracking},
 url = {http://www.uxbooth.com/blog/a-brief-history-of-eye-tracking/},
 urldate = {8 April 2012},
 year = {2011}
}


@article{vauras1992,
 author = {Vauras, Marja and Hyönä, Jukka and Niemi, Pekka},
 journal = {Journal of Research in Reading},
 number = {1},
 pages = {39--54},
 publisher = {Wiley Online Library},
 title = {Comprehending coherent and incoherent texts: Evidence from eye movement patterns and recall performance},
 volume = {15},
 year = {1992}
}


@article{brasel2008,
 author = {Brasel, S Adam and Gips, James},
 journal = {Perception},
 number = {12},
 pages = {1890--1894},
 publisher = {SAGE Publications},
 title = {Points of view: Where do we look when we watch TV?},
 volume = {37},
 year = {2008}
}


@incollection{carroll1992,
 author = {Carroll, Patrick J and Young, Jason R and Guertin, Michael S},
 booktitle = {In Eye Movements and Visual Cognition: Scene Perception and Reading},
 editor = {Rayner, Keith},
 pages = {444--461},
 publisher = {Springer},
 title = {Visual analysis of cartoons: A view from the far side},
 year = {1992}
}


@incollection{dydewalle1992,
 address = {New York},
 author = {d’Ydewalle, Géry and Gielen, Ingrid},
 booktitle = {Eye Movements and Visual Cognition: Scene Perception and Reading},
 editor = {Rayner, Keith},
 pages = {415--427},
 publisher = {Springer},
 title = {Attention allocation with overlapping sound, image, and text},
 year = {1992}
}


@article{dydewalle1991,
 author = {d'Ydewalle, G{\'e}ry and Praet, Caroline and Verfaillie, Karl and Van Rensbergen, Johan},
 journal = {Communication Research},
 number = {18},
 pages = {540--666},
 title = {“Watching Subtitled Television: Automatic Reading Behavior”},
 volume = {5},
 year = {1991}
}


@incollection{dydewalle1987,
 address = {Amsterdam},
 author = {d’Ydewalle, Géry and Van Rensbergen, Johan and Pollet, Joris},
 booktitle = {Eye movements: From physiology to cognition},
 editor = {O'Regan, J.K. and Lévy-Schoen, A.},
 pages = {313--321},
 publisher = {Elsevier Science},
 title = {Reading a message when the same message is available auditorily in another language: The case of subtitling},
 year = {1987}
}


@article{Bruycker2007,
 author = {d’Ydewalle, Géry and De Bruycker, Wim},
 journal = {European Pyschologist},
 number = {12},
 pages = {196--205},
 title = {Eye Movements of Children and Adults While Reading Television Subtitles},
 volume = {3},
 year = {2007}
}


@article{Etemadi2012,
 author = {Etemadi, Aida},
 journal = {International Journal of English Linguistics},
 number = {2},
 pages = {239--248},
 title = {Effects of Bimodal Subtitling of English Movies on Content Comprehension and Vocabulary Recognition},
 volume = {1},
 year = {2012}
}


@article{goldstein2007,
  title={Where people look when watching movies: Do all viewers look at the same place?},
  author={Goldstein, Robert B and Woods, Russell L and Peli, Eli},
  journal={Computers in biology and medicine},
  volume={37},
  number={7},
  pages={957--964},
  year={2007},
  publisher={Elsevier}
}

@incollection{gottlieb1998,
 address = {London},
 author = {Gottlieb, Henrik},
 booktitle = {Routledge Encyclopedia of Translation Studies},
 editor = {Baker, Mona},
 pages = {244--348},
 publisher = {Routledge},
 title = {Subtitling},
 year = {1998}
}


@article{hyona1996,
 address = {Turku: Centre for Cognitive Neuroscience, University of Turku},
 author = {Hyönä, Jukka},
 editor = {Revonsuo, Antti and Lang, Heikki and Aaltonen, Olli},
 journal = {Mieli ja aivot: Kognitiivinen neurotiede [Mind and brain: Cognitive neuroscience]},
 pages = {283--292},
 title = {Silmänliikkeet lukemisessa [Eye movements in reading]},
 year = {1996}
}


@article{Koolstra1999,
 author = {Koolstra, Cees M. and Johannes W. J. Beentjes},
 journal = {Educational Technology Research and Development},
 number = {47},
 pages = {51--60},
 title = {Children's Vocabulary Acquisition in a Foreign Language through Watching Subtitled Television Programs at Home},
 volume = {1},
 year = {1999}
}


@article{latifi2011,
 author = {Latifi, Mehdi and Mobalegh, Ali and Mohammadi, Elham},
 journal = {The Journal of Language Teaching and Learning},
 number = {2},
 pages = {18--29},
 title = {Movie subtitles and the improvement of listening comprehension ability: Does it help?},
 volume = {1},
 year = {2011}
}


@article{lavaur2011,
 author = {Lavaur, Jean-Marc and Bairstow, Dominique},
 journal = {International Journal of Psychology},
 number = {6},
 pages = {455--462},
 publisher = {Taylor \& Francis},
 title = {Languages on the screen: Is film comprehension related to the viewers’ fluency level and to the language in the subtitles?},
 volume = {46},
 year = {2011}
}


@article{lee2013impact,
  title={The Impact of Subtitles on Comprehension of Narrative Film},
  author={Lee, Mina and Roskos, Beverly and Ewoldsen, David R},
  journal={Media Psychology},
  volume={16},
  number={4},
  pages={412--440},
  year={2013},
  publisher={Taylor \& Francis}
}

@article{mitterer2009,
 author = {Mitterer, Holger and McQueen, James M},
 journal = {PloS one},
 number = {11},
 pages = {e7785},
 publisher = {Public Library of Science},
 title = {Foreign subtitles help but native-language subtitles harm foreign speech perception},
 volume = {4},
 year = {2009}
}


@book{Paivio1986,
 address = {New York},
 author = {Paivio, Allan.},
 journal = {Oxford Psychology Series},
 publisher = {Oxford University Press},
 title = {Mental Representations: A Dual Coding Approach},
 year = {1986}
}


@article{perego2008,
 author = {Perego, Elisa},
 journal = {The Sign Language Translator and Interpreter},
 number = {1},
 pages = {35--63},
 title = {What Would We Read Best? Hypotheses and Suggestions for the Location of Line Breaks in Film Subtitles},
 volume = {2},
 year = {2008}
}


@article{perego2015,
 author = {Perego, Elisa and Del Missier, Fabio and Bottiroli, Sara},
 journal = {Perspective: Studies in Translatology},
 number = {1},
 pages = {1--21},
 publisher = {Taylor \& Francis},
 title = {Dubbing versus subtitling in young and older adults: cognitive and evaluative aspects},
 volume = {23},
 year = {2015}
}


@article{perego2010,
 author = {Perego, Elisa and Del Missier, Fabio and Porta, Marco and Mosconi, Mauro},
 journal = {Media Psychology},
 number = {3},
 pages = {243--272},
 publisher = {Taylor \& Francis},
 title = {The cognitive effectiveness of subtitle processing},
 volume = {13},
 year = {2010}
}


@article{Rayner2009,
 author = {Rayner, Keith},
 journal = {The Quarterly Journal of Experimental Psychology},
 number = {8},
 pages = {1457--1506},
 publisher = {Taylor \& Francis},
 title = {“Eye movements and attention in reading, scene perception, and visual search”},
 volume = {62},
 year = {2009}
}


@article{rayner2008,
 author = {Rayner, Keith and Miller, Brett and Rotello, Caren M},
 journal = {Applied Cognitive Psychology},
 number = {5},
 pages = {697--707},
 publisher = {Wiley Online Library},
 title = {Eye movements when looking at print advertisements: The goal of the viewer matters},
 volume = {22},
 year = {2008}
}


@article{rayner2001,
 author = {Rayner, Keith and Rotello, Caren M and Stewart, Andrew J and Keir, Jessica and Duffy, Susan A},
 journal = {Journal of Experimental Psychology: Applied},
 number = {3},
 pages = {219--226},
 publisher = {American Psychological Association},
 title = {Integrating text and pictorial information: eye movements when looking at print advertisements.},
 volume = {7},
 year = {2001}
}


@article{tosi1997,
 author = {Tosi, Virgilio and Mecacci, Luciano and Pasquali, Elio},
 journal = {International Journal of Neuroscience},
 number = {1-2},
 pages = {47--52},
 publisher = {Taylor \& Francis},
 title = {Scanning eye movements made when viewing film: preliminary observations},
 volume = {92},
 year = {1997}
}


@inproceedings{almeida2010,
 author = {De Almeida, Giselle and O’Brien, Sharon},
 booktitle = {Proceedings of the 14th annual conference of the European association for machine translation, St. Raphaël, France},
 pages = {27--28},
 title = {Analysing post-editing performance: correlations with years of translation experience},
 year = {2010}
}


@article{bangalore2015,
 author = {Bangalore, Srinivas and Behrens, Bergljot and Carl, Michael and Ghankot, Maheshwar and Heilmann, Arndt and Nitzke, Jean and Schaeffer, Moritz and Sturm, Annegret},
 journal = {Translation Spaces},
 number = {1},
 pages = {119--144},
 publisher = {John Benjamins Publishing Company},
 title = {The role of syntactic variation in translation and post-editing},
 volume = {4},
 year = {2015}
}


@misc{bdü2012,
 address = {Berlin},
 author = {BDÜ},
 publisher = {BDÜ},
 title = {Mensch ./. Maschine - Ergebnisse Der BDÜ-Untersuchung Zur Qualität Der Übersetzungen Durch Google Translate. Pressedossier},
 year = {2012}
}


@inproceedings{carl2012,
 author = {Carl, Michael},
 booktitle = {AMTA 2012 Workshop on Post-Editing Technology and Practice (WPTP-2012)},
 pages = {9--18},
 title = {The CRITT TPR-DB 1.0: A database for empirical human translation process research},
 year = {2012}
}

@inproceedings{carl2012,
  title={Translog-II: a Program for Recording User Activity Data for Empirical Reading and Writing Research.},
  author={Carl, Michael},
  booktitle={LREC},
  pages={4108--4112},
  year={2012}
}

@misc{carl2013,
 author = {Carl, Michael and Schaeffer, Moritz J},
 title = {The CRITT Translation Process Research Database v1. 4},
 year = {2013}
}


@article{carl2014,
 address = {Newcastle upon Tyne},
 author = {Carl, Michael and Gutermuth, Silke and Hansen-Schirra, Silvia},
 journal = {Psycholinguistic and cognitive inquiries in translation and interpretation studies},
 publisher = {Cambridge Scholars Publishing},
 title = {Post-editing machine translation--a usability test for professional translation settings},
 year = {2014}
}


@book{Čulo2014,
 address = {Newcastle upon Tyne},
 author = {Čulo, Oliver, Silke Gutermuth, Silvia Hansen-Schirra, and Jean Nitzke.},
 journal = {Post-editing of machine translation: Processes and applications},
 publisher = {Cambridge Scholars Publishing},
 title = {The influence of post-editing on translation strategies},
 year = {2014}
}


@article{DePalma2009,
 author = {DePalma, Donald A},
 number = {2/09},
 pages = {10--13},
 publisher = {MD{\"U}},
 title = {Chancen Der Globalisierung},
 year = {2009}
}


@misc{Elsen2012,
 author = {Elsen, Harald},
 publisher = {MD{\"U}},
 title = {Postediting - Schreckgespenst Oder Perspektive.},
 year = {2012}
}


@misc{Hommerich2011,
 author = {Hommerich, Christoph and Nicole Reiß},
 publisher = {MD{\"U}},
 title = {Ergebnisse Der BDÜ-Mitgliederbefragung},
 year = {2011}
}


@book{hornhelf1999,
 author = {Horn-Helf, Brigitte},
 publisher = {Francke},
 title = {Technisches Übersetzen in Theorie und Praxis},
 year = {1999}
}


@book{hornhelf2007,
 author = {Horn-Helf, Brigitte},
 publisher = {Peter Lang},
 title = {Kulturdifferenz in Fachtextsortenkonventionen: Analyse und Translation: ein Lehr-und Arbeitsbuch},
 volume = {4},
 year = {2007}
}


@article{jakobsen2011,
 author = {Jakobsen, Arnt Lykke},
 editor = {Alvstad, Cecilia and Hild, Adelina and Tiselius, Elisabet},
 journal = {Methods and Strategies of Process Research},
 pages = {37--55},
 title = {Tracking translators’ keystrokes and eye movements with Translog},
 year = {2011}
}


@inproceedings{koehn2010,
 author = {Koehn, Philipp},
 booktitle = {Human Language Technologies: The 2010 Annual Conference of the North American Chapter of the Association for Computational Linguistics},
 organization = {Association for Computational Linguistics},
 pages = {537--545},
 title = {Enabling monolingual translators: post-editing vs. options},
 year = {2010}
}


@inproceedings{mitchell2013,
 author = {Mitchell, Linda and Roturier, Johann and O'Brien, Sharon},
 organization = {European Association for Machine Translation},
 title = {Community-based post-editing of machine-translated content: monolingual vs. bilingual},
 year = {2013}
}


@inproceedings{obrien2002,
 address = {Manchester, U.K.},
 author = {O’Brien, Sharon},
 booktitle = {6th EAMT Workshop Teaching Machine Translation},
 pages = {99--106},
 title = {Teaching post-editing: a proposal for course content},
 url = {http://www.mt-archive.info/EAMT-2002-OBrien.pdf},
 year = {2002}
}


@article{obrien2011,
 author = {O’Brien, Sharon},
 journal = {Machine translation},
 number = {3},
 pages = {197--215},
 publisher = {Springer},
 title = {Towards predicting post-editing productivity},
 volume = {25},
 year = {2011}
}


@book{reiss1984,
 address = {Tübingen},
 author = {Reiß, Katharina and Vermeer, Hans J},
 publisher = {Niemeyer},
 series = {Linguistische Arbeiten},
 title = {Grundlegung einer allgemeinen Translationstheorie},
 url = {https://openlibrary.org/books/OL2946081M/Grundlegung_einer_allgemeinen_Translationstheorie},
 volume = {147},
 year = {1984}
}


@article{schafer2003,
 address = {Dublin, Ireland},
 author = {Schäfer, Falko},
 journal = {Controlled Language Translation},
 pages = {133-140},
 title = {MT Post-Editing: How to Shed Light on the ‘unknown Task’. Experiences at SAP.},
 year = {2003}
}


@incollection{Schmitt2003,
 address = {Tübingen},
 author = {Schmitt, Peter A},
 booktitle = {Handbuch Translation},
 pages = {1--5},
 publisher = {Stauffenburg},
 title = {Berufsbild},
 year = {2003}
}


@inproceedings{schwartz2014,
 author = {Schwartz, Lane OB and Anderson, Timothy and Gwinnup, Jeremy and Young, Katherine M},
 booktitle = {Proceedings of the Ninth Workshop on Statistical Machine Translation},
 pages = {186--194},
 title = {Machine translation and monolingual postediting: The afrl wmt-14 system},
 year = {2014}
}


@book{Winther2014,
 address = {Newcastle upon Tyne},
 author = {Winther Balling, Laura, and Michael Carl.},
 booktitle = {Psycholinguistic and Cognitive Inquiries in Translation and Interpretation Studies},
 publisher = {Cambridge Scholars Publishing},
 title = {Production Time Across Languages and Tasks: A Large-Scale Analysis Using the CRITT Translation Process Database},
 year = {2014}
}


@article{bisson2014,
 author = {Bisson, Marie-Josée and Van Heuven, Walter JB and Conklin, Kathy and Tunney, Richard J},
 journal = {Applied Psycholinguistics},
 number = {02},
 pages = {399--418},
 publisher = {Cambridge Univ Press},
 title = {Processing of native and foreign language subtitles in films: An eye tracking study},
 volume = {35},
 year = {2014}
}


@phdthesis{caffrey2009,
 author = {Caffrey, Colm},
 school = {Dublin City University},
 title = {Relevant abuse? Investigating the effects of an abusive subtitling procedure on the perception of TV anime using eye tracker and questionnaire},
 year = {2009}
}


@article{diaz2013,
 address = {London and New York},
 author = {D{\'\i}az Cintas, Jorge},
 editor = { Millán, Carmen and Francesca Bartrina},
 journal = {The routledge handbook of translation studies},
 pages = {273--287},
 publisher = {Routledge},
 title = {Subtitling: theory, practice and research},
 year = {2013}
}


@book{Dwyer2015,
 address = {Refractory},
 author = {Dwyer, Tessa.},
 publisher = {A journal of entertainment media},
 title = {From Subtitles to SMS: Eye Tracking, texting and Sherlock},
 url = {http://refractory.unimelb.edu.au/2015/02/07/dwyer/},
 volume = {25},
 year = {2015}
}


@incollection{ydewalle1992,
 address = {New York},
 author = {d’Ydewalle, Géry and Gielen, Ingrid},
 booktitle = {Eye movements and visual cognition: Scene perception and reading},
 editor = {Keith, Rayner},
 pages = {415--427},
 publisher = {Springer},
 title = {Attention allocation with overlapping sound, image, and text},
 year = {1992}
}


@article{dydewalle2007,
 author = {d'Ydewalle, Géry and De Bruycker, Wim},
 journal = {European Psychologist},
 number = {3},
 pages = {196--205},
 publisher = {Hogrefe \& Huber Publishers},
 title = {Eye movements of children and adults while reading television subtitles},
 volume = {12},
 year = {2007}
}


@book{Fox2013,
 address = {Germersheim, Germany},
 author = {Fox, Wendy},
 booktitle = {7th EST Conference - Translation Studies: Centers and Peripheries},
 title = {Integrated Titles as an Alternative Solution to Traditional Subtitles},
 year = {2013}
}


@article{gambier2008recent,
 address = {Amsterdam and Philadelphia},
 author = {Gambier, Yves},
 editor = {Chiaro, Delia, Heiss, Christine and Chiara Bucaria},
 journal = {Between text and image: Updating research in screen translation},
 pages = {11--33},
 publisher = {John Benjamins},
 title = {Recent developments and challenges in audiovisual translation research},
 volume = {78},
 year = {2008}
}


@incollection{gambier2013,
 address = {London and New York},
 author = {Gambier, Yves},
 booktitle = {The Routledge Handbook of Translation Studies},
 editor = {Millán, Carmen and Francesca Bartrina},
 pages = {45--59},
 publisher = {Routledge},
 title = {The position of audiovisual translation studies},
 year = {2013}
}


@article{ghia2012,
 address = {Roma},
 author = {Ghia, Elisa},
 editor = {Perego, Elisa},
 journal = {Eye tracking in audiovisual translation},
 pages = {155--182},
 publisher = {Aracne Editrice},
 title = {The impact of translation strategies on subtitle reading},
 year = {2012}
}


@article{jakobsen2014,
 address = {Amsterdam \& Philadelphia},
 author = {Jakobsen, Arnt Lykke},
 editor = {Brems, Elke, Meylaerts, Reine and Luc van Doorslaer,},
 journal = {The Known Unknowns of Translation Studies},
 pages = {65--88},
 publisher = {John Benjamins Publishing Company},
 title = {The development and current state of translation process research},
 volume = {69},
 year = {2014}
}


@article{jensema2000,
 author = {Jensema, Carl J and El Sharkawy, Sameh and Danturthi, Ramalinga Sarma and Burch, Robert and Hsu, David},
 journal = {American Annals of the Deaf},
 number = {3},
 pages = {275--285},
 publisher = {Gallaudet University Press},
 title = {Eye movement patterns of captioned television viewers},
 volume = {145},
 year = {2000}
}


@article{jensema2000,
  title={Time spent viewing captions on television programs},
  author={Jensema, Carl J and Danturthi, Ramalinga Sarma and Burch, Robert},
  journal={American annals of the deaf},
  volume={145},
  number={5},
  pages={464--468},
  year={2000},
  publisher={Gallaudet University Press}
}

@inproceedings{josephson2006,
 address = {San Diego, California},
 author = {Josephson, Sheree and Holmes, Michael E},
 booktitle = {Proceedings of the 2006 symposium on Eye tracking research \& applications},
 organization = {ACM},
 pages = {155--162},
 title = {Clutter or content?: how on-screen enhancements affect how TV viewers scan and what they learn},
 year = {2006}
}


@book{Kato2012,
 address = {Tokyo},
 author = {Kato, Masao},
 publisher = {Iwanami Shinsho},
 title = {テレビの日本語 [Japanese Language on TV]},
 year = {2012}
}


@misc{Kimura2000,
 author = {Kimura,Tamako, Hosoi, Akiko., Honda, Naoko., Kato, Yuri., Kawamura, Fumiko., Koizumi, Aya., Oosawa, Yukoko., Suzuki, Eri. and Kaori Watabe},
 title = {“テレビ画面に踊る文字たちの生態学” [Physiology of Letters Dancing on TV screen]},
 year = {2000}
}


@book{kovacic1995,
 author = {Kova{č}i{č}, Irena},
 journal = {Translatio},
 number = {3--4},
 pages = {376--383},
 title = {Reception of subtitles: the non-existent ideal viewer},
 volume = {14},
 year = {1995}
}


@book{Kruger2015,
 author = {Kruger, Jan Louis and Aszarkowska, Gnieszka and Krejtz, Izabela},
 publisher = {Refractory: a Journal of Entertainment Media},
 title = {Subtitles on The Moving Image: An overview of eye tracking studies},
 url = {http://refractory.unimelb.edu.au/2015/02/07/kruger-szarkowska-krejtz/},
 volume = {25},
 year = {2015}
}


@article{Kruger2014,
	author = {Kruger, Jan-Louis and Faans Steyn},
	journal = {Reading Research Quarterly},
	number = {49},
	pages = {105--120},
	title = {Subtitles and Eye Tracking: Reading and Performance},
	volume = {1},
	year = {2014}
}

@incollection{Künzli2011,
 address = {Amsterdam},
 author = {K{\"u}nzli, Alexander and Ehrensberger-Dow, Maureen},
 editor = {Alvstad, Cecilia, Hild, Adelina and Elisabet Tiselius},
 journal = {Methods and Strategies of Process Research: Integrative Approaches in Translation Studies},
 pages = {187--200},
 publisher = {John Benjamins},
 title = {Innovative subtitling: A reception study},
 year = {2011}
}


@article{Maree2014,
	author = {Maree, Claire},
	journal = {ことばと社会 [Languages and Society]},
	number = {16},
	pages = {57-85},
	title = {‘変身したいです [I want to transform myself]’},
	year = {2014}
}

@incollection{maree2015,
 address = {New York and London},
 author = {Maree, Claire},
 booktitle = {Multiple Translation Communities in Contemporary Japan},
 editor = {Curran, Beverley Sato-Rossberg and Kikuko Tanabe},
 pages = {124--147},
 publisher = {Routledge},
 title = {The Perils of Paisley and Weird Manwomen: Queer Crossings into Primetime J-TV via Telops},
 year = {2015}
}


@article{Matsukawa2009,
 author = {Matsukawa, Rei and Miyata, Yosuke and Ueda, Shuichi},
 journal = {Library and Information Science},
 number = {62},
 pages = {193--205},
 title = {Information Redundancy Effects on Watching TV News: Analysis of Eye Tracking Data and Examination of Contents},
 volume = {62},
 year = {2009}
}


@article{Mayer1998,
 author = {Mayer, Richard. E. and Moreno, Roxana},
 journal = {Journal of Educational Psychology},
 number = {2},
 pages = {312--320},
 title = {A split attention effect in multimedia learning: evidence fo dual processing systems in working memory},
 volume = {90},
 year = {1998}
}


@book{Nielsen2010,
	address = {Berkeley, CA},
	author = {Nielsen, Jakob and Pernice, Kara.},
	publisher = {New Riders},
	title = {Eyetracking Web Usability},
	year = {2010}
}

@article{ohagan2010,
 address = {London},
 author = {O’Hagan, Minako},
 editor = {Chiaro, Delia},
 journal = {Translation, HUMOUR, AND THE MEDIA},
 pages = {70--88},
 publisher = {Continuum},
 title = {Japanese TV entertainment: Framing humour with open caption telop},
 year = {2010}
}


@book{ohagan2013,
 address = {Amsterdam and Phladelphia},
 author = {O'Hagan, Minako and Mangiron, Carmen},
 publisher = {John Benjamins Publishing},
 title = {Game Localization: Translating for the global digital entertainment industry},
 year = {2013}
}


@article{orrego2014,
 address = {Tarragona},
 author = {ORREGO-CARMONA, DAVID},
 editor = {Torres-Simon, Esther and David Orrego-Carmona},
 journal = {Translation Research Projects 5},
 pages = {77--92},
 publisher = {Intercultural Studies Group},
 title = {Where is the audience? Testing the audience reception of non-professional subtitling},
 year = {2014}
}


@article{park2009,
 author = {Park, Joseph Sung-Yul},
 journal = {Text \& Talk-An Interdisciplinary Journal of Language, Discourse \& Communication Studies},
 number = {5},
 pages = {547--570},
 title = {Regimenting languages on Korean television: Subtitles and institutional authority},
 volume = {29},
 year = {2009}
}


@book{Pedersen2011,
 address = {Amsterdam \& Philadelphia},
 author = {Pedersen, Jan},
 publisher = {John Benjamins},
 title = {Subtitling Norms for Television: An exploration focussing on extralinguistic cultural references},
 year = {2011}
}


@article{Perego2010,
 author = {Perego, Elisa and Del Missier, Fabio and Porta, Marco and Mosconi, Mauro},
 journal = {Media Psychology},
 number = {3},
 pages = {243--272},
 title = {Cognitive Effectiveness of Subtitle Processing},
 volume = {13},
 year = {2010}
}


@inproceedings{perego2012eye,
 author = {Perego, Elisa},
 publisher = {Aracne Editrice},
 title = {Eye tracking in audiovisual translation},
 year = {2012}
}


@article{perezgonzalez2012,
 author = {P{\'e}rez-Gonz{\'a}lez, Luis},
 number = {1},
 pages = {3--21},
 publisher = {International Journal of Cultural Studies },
 title = {Co-creational subtitling in the digital media: transformative and authorial practices},
 volume = {16},
 year = {2012}
}


@article{Sakamoto1999,
	author = {Sakamoto, Mamoru},
	journal = {Galac},
	number = {359},
	pages = {36--39},
	title = {氾濫する字幕番組の功罪 [Benefit and Sin of Overuse of Subtitled Programmes]},
	year = {1999}
}

@article{Sasamoto2014,
 author = {Sasamoto, Ryoko},
 journal = {Discourse, Context and Media},
 number = {6},
 pages = {1--10},
 title = {Impact caption as a highlighting device: Attempts at Viewer Manipulation on TV},
 volume = {6},
 year = {2014}
}


@article{shiota2003,
 author = {Shiota, Eiko},
 journal = {Journal of Ryukoku University},
 pages = {63--91},
 title = {‘関連性理論とテロップの理解 [Relevance theory and understanding of telop]’},
 volume = {31},
 year = {2003}
}


@article{Shitara2012,
 author = {Shitara, Kaoru},
 journal = {Mukogawa Joshidai Journal},
 title = {Changes in the use of Telop observed with NHK Variety Programmes},
 volume = {59},
 year = {2012}
}


@book{Sperber1986,
 address = {Oxford},
 author = {Sperber, Dan and Deirdre Wilson.},
 publisher = {Blackwells},
 title = {Relevance: Communication and cognition},
 year = {1986}
}


@book{Suojanen2015,
	address = {London},
	author = {Suojanen, Tytti, Koskinen, Kaisa and Tiina Tuominen.},
	publisher = {Routeldge},
	title = {User-centred Translation},
	year = {2015}
}

@misc{Tobii2012,
 author = {Tobii Technology AB.},
 link = {http://www.tobii.com/Global/Analysis/Downloads/User_Manuals_and_Guides/Tobii%20Glasses%20User%20Manual.pdf},
 title = {Tobii Glasses Eye Tracker User Manual},
 year = {2012}
}


@article{Treisman1968,
	author = {Treisman, Anne, M},
	journal = {Psychological Review},
	number = {84},
	pages = {127--190},
	title = {Strategies and models of visual attention},
	year = {1968}
}

@article{Andersson2009,
 author = {Andersson, Richard and Holmqvist, Kenneth and Nyström, Marcus},
 journal = {Journal of eye movement research},
 number = {3},
 pages = {1--12},
 title = {Sampling frequency and eye-tracking measures: how speed affects durations, latencies, and more},
 url = {http://www.jemr.org/online/3/3/6},
 volume = {3},
 year = {2009}
}


@book{Dumas1999,
 author = {Dumas, Joseph S and Redish, Janice},
 publisher = {Intellect Books},
 title = {A Practical Guide To Usability Testing},
 year = {1999}
}


@incollection{Hansen-Schirra2013,
 author = {Hansen-Schirra, S. / Rösener, C.},
 booktitle = {Translation Studies and Eye-Tracking Analysis},
 editor = {Grucza, Sambor and P{\l}u{\.z}yczka, Monika and Zaj{\k{a}}c, Justyna},
 publisher = {Peter Lang},
 title = {Proactive Use of Eye-Tracking in the Translational Workflow},
 year = {2013}
}


@misc{eichinger1999,
 author = {Eichinger, Armin},
 link = {http://pc1521.psychologie.uni-regensburg.de/ student 2001 / Skripten/Zimmer/usability.html},
 title = {“Usability“. Script of the department of psychology II of Regensburg University.},
 year = {1999}
}


@book{Hennig2007,
 address = {Lübeck, Germany},
 author = {Hennig, J{\"o}rg},
 editor = {Tjarks-Sobhani, Marita},
 publisher = {Schmidt-R{\"o}mhild},
 title = {Usability und Technische Dokumentation},
 year = {2007}
}


@book{Holmqvist2011,
 address = {A comprehensive guide to methods an measures.“ Oxford University Press},
 author = {Holmqvist, Kenneth and Nystr{\"o}m, Marcus and Andersson, Richard and Dewhurst, Richard and Jarodzka, Halszka and Van de Weijer, Joost},
 publisher = {Oxford University Press},
 title = {Eye tracking: A comprehensive guide to methods and measures},
 year = {2011}
}


@misc{ISO1992,
 address = {Geneva. Switzerland.},
 author = {International Organization for Standardization},
 booktitle = {Ergonomics of Human System Interaction},
 note = {TODO},
 publisher = {ISO},
 title = {9241. Ergonomic requirements for office work with visual display terminals},
 year = {2006}
}


@book{nielsen1994usability,
  title={Usability engineering},
  author={Nielsen, Jakob},
  year={1994},
  publisher={Elsevier}
}


@book{Nielsen1998,
	address = {Online},
	author = {Nielsen, Jakob},
	url = {http://www.useit.com/alertbox/980322.html},
	title = {The Increasing Conservatism of Web Users},
	year = {1998}
}


@misc{SMI2014,
 address = {Website},
 publisher = {SMI},
 url = {http://www.smivision.com/en.html},
 urldate = {22nd September 2014},
 year = {2014}
}


@misc{Tobii2014,
 address = {Website},
 publisher = {Tobii},
 url = {http://www.tobii.com},
 urldate = {22nd September 2014},
 year = {2014}
}


@article{alves2001teoria,
  title={Teoria da relev{\^a}ncia e os estudos da tradu{\c{c}}{\~a}o: perspectivas e desdobramentos},
  author={Alves, F},
  journal={Teoria da relev{\^a}ncia \& tradu{\c{c}}{\~a}o: conceitua{\c{c}}{\~o}es e aplica{\c{c}}{\~o}es. Belo Horizonte: FALE-UFMG},
  pages={15--33},
  year={2001}
}

@article{alves2007,
 author = {Alves, Fabio},
 journal = {Journal of Translation Studies},
 number = {1},
 pages = {18--35},
 title = {Cognitive effort and contextual effect in translation: a relevance-theoretic approach},
 volume = {10},
 year = {2007}
}


@article{alves2013investigating,
  title={Investigating the conceptual-procedural distinction in the translation process: a relevance-theoretic analysis of micro and macro translation units},
  author={Alves, Fabio and Gon{\c{c}}alves, Jos{\'e} Luiz},
  journal={Target},
  volume={25},
  number={1},
  pages={107--124},
  year={2013},
  publisher={John Benjamins Publishing Company}
}

@book{gambier2007doubts,
  title={Doubts and directions in translation studies: selected contributions from the EST Congress, Lisbon 2004},
  author={Gambier, Yves and Shlesinger, Miriam and Stolze, Radegundis},
  volume={72},
  year={2007},
  publisher={John Benjamins Publishing}
}

@article{alves2013investigating,
  title={Investigating the conceptual-procedural distinction in the translation process: a relevance-theoretic analysis of micro and macro translation units},
  author={Alves, Fabio and Gon{\c{c}}alves, Jos{\'e} Luiz},
  journal={Target},
  volume={25},
  number={1},
  pages={107--124},
  year={2013},
  publisher={John Benjamins Publishing Company}
}

@inproceedings{alves2012identifying,
 address = {Mumbai},
 author = {Alves, Fábio and Gon{ç}alves, José Luiz and Szpak, Karina},
 booktitle = {24th International Conference on Computational Linguistics},
 editor = {Michael Carl, Pushpak Bhattacharya and Kamal Kumar Choudhary},
 pages = {5--20},
 publisher = {COLING},
 title = {Identifying instances of processing effort in translation through heat maps: An eye-tracking study using multiple input sources},
 year = {2012}
}


@book{Alves2014,
	address = {“Some thoughts about conceptual/procedural distinction in translation},
	author = {Alves, F., Gonçalves, J.L., Szpak, K. S.},
	publisher = {a key-logging and eye-tracking study if processing effort”. MONTI},
	year = {2014}
}

@article{alves2009,
 author = {Alves, Fabio and Vale, Daniel},
 journal = {Across Languages and Cultures},
 number = {2},
 pages = {251--273},
 publisher = {Akadémiai Kiadó},
 title = {Probing the unit of translation in time: aspects of the design and development of a web application for storing, annotating, and querying translation process data},
 volume = {10},
 year = {2009}
}


@article{alves2011drafting,
  title={On drafting and revision in translation: a corpus linguistics oriented analysis of translation process data},
  author={Alves, Fabio and Vale, Daniel},
  journal={Translation: Computation, Corpora, Cognition},
  volume={1},
  number={1},
  pages={105--122},
  year={2011}
}


@incollection{alves2016analysing,
 author = {Alves, Fabio and Koglin, Arlene and Mesa-Lao, Bartolomé and Martínez, Mercedes García and de Lima Fonseca, Norma B and de Melo Sá, Arthur and Gon{ç}alves, José Luiz and Szpak, Karina Sarto and Sekino, Kyoko and Aquino, Marceli},
 booktitle = {New Directions in Empirical Translation Process Research},
 pages = {77--94},
 publisher = {Springer},
 title = {Analysing the impact of interactive machine translation on post-editing effort},
 year = {2016}
}


@article{aziz2014sub,
 author = {Aziz, W and Koponen, M and Specia, L},
 editor = {O’Brien, S. and Balling, L.W. and Carl, M., Simard and M., Specia, L.},
 journal = {Post-editing of machine translation: processes and applications. Cambridge Scholars Publishing, Newcastle upon Tyne},
 pages = {170--199},
 title = {Sub-sentence level analysis of machine translation post-editing effort},
 year = {2014}
}


@article{Barrachina2009,
 author = {Barrachina, Sergio and Bender, Oliver and Casacuberta, Francisco and Civera, Jorge and Cubel, Elsa and Khadivi, Shahram and Lagarda, Antonio and Ney, Hermann and Tom{\'a}s, Jes{\'u}s and Vidal, Enrique and others},
 journal = {Computational Linguistics},
 number = {1},
 pages = {3--28},
 publisher = {MIT Press},
 title = {Statistical approaches to computer-assisted translation},
 volume = {35},
 year = {2009}
}


@book{blakemore2002relevance,
 author = {Blakemore, Diane},
 publisher = {Cambridge University Press},
 title = {Relevance and linguistic meaning: The semantics and pragmatics of discourse markers},
 year = {2002}
}


@book{Carl2014,
 author = {Carl, M., Dragsted, B., Elming, J., Hardt, D. and A. L. Jakobsen},
 publisher = {CSL 41},
 title = {The Process of Post-Editing: A Pilot Study},
 year = {2014}
}


@article{casacuberta2009,
 author = {Casacuberta, Francisco and Civera, Jorge and Cubel, Elsa and Lagarda, Antonio L and Lapalme, Guy and Macklovitch, Elliott and Vidal, Enrique},
 journal = {Communications of the ACM},
 number = {10},
 pages = {135--138},
 publisher = {ACM},
 title = {Human interaction for high-quality machine translation},
 volume = {52},
 year = {2009}
}


@phdthesis{de2013translating,
  title={Translating the post-editor: an investigation of post-editing changes and correlations with professional experience across two Romance languages},
  author={De Almeida, Giselle},
  year={2013},
  school={Dublin City University}
}

@inproceedings{depraetere2010counts,
  title={What counts as useful advice in a university post-editing training context? Report on a case study},
  author={Depraetere, Ilse},
  booktitle={EAMT 2010: proceedings of the 14th annual conference of the European association for machine translation, Saint-Rapha{\"e}l, France},
  year={2010}
}

@inproceedings{federico2012measuring,
  title={Measuring user productivity in machine translation enhanced computer assisted translation},
  author={Federico, Marcello and Cattelan, Alessandro and Trombetti, Marco},
  booktitle={Proceedings of the Tenth Conference of the Association for Machine Translation in the Americas (AMTA)},
  year={2012}
}

@article{gonzalez2014cost,
 author = {González-Rubio, Jesús and Casacuberta, Francisco},
 journal = {Pattern Recognition Letters},
 pages = {124},
 publisher = {Elsevier},
 title = {Cost-sensitive active learning for computer-assisted translation},
 volume = {37},
 year = {2014}
}


@book{Gonçalves2003,
	address = {“O desenvolvimento da competência do tradutor},
	author = {Gonçalves, J. L. V. R.},
	publisher = {investigando o processo através de um estudo exploratório-experimental.” 241 f. Tese (Doutorado 45 em Estudos Lingüísticos) — Faculdade de Letras da Universidade Federal de Minas Gerais, Belo Horizonte},
	year = {2003}
}

@inproceedings{green2013efficacy,
 address = {Paris, France},
 author = {Green, Spence and Heer, Jeffrey and Manning, Christopher D},
 booktitle = {Proceedings of the SIGCHI conference on human factors in computing systems},
 organization = {ACM},
 pages = {439--448},
 title = {The efficacy of human post-editing for language translation},
 year = {2013}
}


@book{Guerberof2012,
 author = {Guerberof Arenas, A.},
 publisher = {Colegio de Traductores Públicos de la Ciudad de Buenos Aires, Argentina},
 title = {Post-editing MT output/Posedición de traducción automática},
 url = {http://www.traductores.org.ar/nuevo_org/home/cursos_presenciales/?id_ruta=6&nivel=526&nivel3=130&nivel4=131&id_curso=1020&mes=05%ano=2010},
 urldate = {October 2012},
 year = {2012}
}


@book{Gutt1991,
	address = {Manchester},
	author = {Gutt, Ernst-August.},
	publisher = {St Jerome},
	title = {(2000). “Translation and Relevance: Cognition and Context.” London: Blackwell.  2nd ed},
	year = {1991}
}

@article{jakobsen2008eye,
 author = {Jakobsen, Arnt Lykke and Jensen, Kristian TH},
 editor = {Göpferich, S. and Jakobsen, A.L. and Mees, I.},
 journal = {Copenhagen studies in language},
 number = {36},
 pages = {103--124},
 publisher = {Samfundslitteratur},
 title = {Eye movement behaviour across four different types of reading task},
 year = {2008}
}


@article{just1980theory,
  title={A theory of reading: from eye fixations to comprehension.},
  author={Just, Marcel A and Carpenter, Patricia A},
  journal={Psychological review},
  volume={87},
  number={4},
  pages={329},
  year={1980},
  publisher={American Psychological Association}
}

@article{koehn2009process,
  title={A process study of computer-aided translation},
  author={Koehn, Philipp},
  journal={Machine Translation},
  volume={23},
  number={4},
  pages={241--263},
  year={2009},
  publisher={Springer}
}

@book{krings2001repairing,
  title={Repairing texts: empirical investigations of machine translation post-editing processes},
  author={Krings, Hans P and Koby, Geoffrey S},
  volume={5},
  year={2001},
  publisher={Kent State University Press}
}

@article{langlais2002trans,
  title={Trans Type: Development-Evaluation Cycles to Boost Translator's Productivity},
  author={Langlais, Philippe and Lapalme, Guy},
  journal={Machine Translation},
  volume={17},
  number={2},
  pages={77--98},
  year={2002},
  publisher={Springer}
}

@inproceedings{laurian1984machine,
 address = {Stanford, CA, USA},
 author = {Laurian, Anne-Marie},
 booktitle = {Proceedings of the 10th international conference on Computational linguistics},
 organization = {Association for Computational Linguistics},
 pages = {236--238},
 title = {Machine translation: What type of post-editing on what type of documents for what type of users},
 year = {1984}
}


@book{loffler1996traduction,
  title={La traduction automatique},
  author={Loffler-Laurian, Anne-Marie},
  year={1996},
  publisher={Presses Univ. Septentrion}
}

@inproceedings{mesa2013eye,
 author = {Mesa-Lao, Bartolomé},
 booktitle = {Book of Abstracts: 17th European Conference on Eye Movemement},
 editor = {Holmqvist, K and Mulvey, F and Johansson, R},
 journal = {Journal of Eye Movement Research},
 number = {3},
 organization = {Lund University},
 pages = {541},
 title = {Eye-tracking Post-editing Behaviour in an Interactive Translation Prediction Environment},
 volume = {6},
 year = {2013}
}


@inproceedings{moeschler1998directional,
 author = {Moeschler, Jacques},
 booktitle = {Proceedings ot the Relevance Theory Workshop},
 pages = {3--8},
 title = {Directional inferences and the conceptual/procedural encoding distinction},
 url = {http://www.unige.ch/lettres/linge/tense/pub_jacques/directional_inferences.pdf},
 year = {1998}
}


@article{obrien2004,
 author = {O’Brien, Sharon},
 journal = {Translating and the Computer},
 title = {Machine translatability and post-editing effort: How do they relate},
 volume = {26},
 year = {2004}
}


@book{O'Brien2006,
 author = {O'Brien, Sharon},
 school = {School of Applied Language and Intercultural Studies, Dublin City University, Dublin, Ireland},
 title = {Machine-translatability and post-editing effort: An empirical study using Translog and Choice Network Analysis},
 year = {2006}
}


@article{o2008processing,
 address = {Copenhagen},
 author = {O'BRIEN, Sharon},
 journal = {Copenhagen studies in language},
 number = {36},
 pages = {79--102},
 publisher = {Samfundslitteratur},
 title = {Processing fuzzy matches in translation memory tools: An eye-tracking analysis},
 year = {2008}
}


@article{fiederer2009quality,
 author = {Fiederer, Rebecca and O’Brien, Sharon},
 journal = {The Journal of Specialised Translation},
 pages = {52--74},
 publisher = {Jostrans},
 title = {Quality and machine translation: a realistic objective},
 volume = {11},
 year = {2009}
}


@inproceedings{ortiz2012casmacat,
  title={The CASMACAT project: The next generation translator’s workbench},
  author={Ortiz-Mart{\i}nez, Daniel and Sanchis-Trilles, Germ{\'a}n and Casacuberta, Francisco and Alabau, Vicent and Vidal, Enrique and Bened{\i}, Jos{\'e}-Miguel and Gonz{\'a}lez-Rubio, Jes{\'u}s and Sanchis, Alberto and Gonz{\'a}lez, Jorge},
  booktitle={Proceedings of the 7th Jornadas en Tecnolog{\i}a del Habla and the 3rd Iberian SLTech Workshop (IberSPEECH)},
  pages={326--334},
  year={2012}
}

@article{Plitt2010,
	author = {Plitt, M. and Masselot, F},
	journal = {“A productivity test of statistical machine translation post-editing in a typical localization context.” Prague Bulletin of Mathematical Linguistics},
	number = {93},
	pages = {7--16},
	year = {2010}
}

@inproceedings{pouliquen2011tapta,
  title={Tapta: A user-driven translation system for patent documents based on domain-aware statistical machine translation},
  author={Pouliquen, Bruno and Mazenc, Christophe and Iorio, Aldo},
  booktitle={Proceedings of th 15th International Conference of the European Association for Machine Translation (EAMT)},
  pages={5--12},
  year={2011}
}

@article{rayner1998eye,
 author = {Rayner, Keith},
 journal = {Psychological bulletin},
 number = {3},
 pages = {372--422},
 publisher = {American Psychological Association},
 title = {Eye movements in reading and information processing: 20 years of research.},
 volume = {124},
 year = {1998}
}


@article{sanchis2014interactive,
 author = {Sanchis-Trilles, Germán and Alabau, Vicent and Buck, Christian and Carl, Michael and Casacuberta, Francisco and García-Martínez, Mercedes and Germann, Ulrich and González-Rubio, Jesús and Hill, Robin L and Koehn, Philipp and others},
 journal = {Machine Translation},
 publisher = {Springer},
 title = {Interactive translation prediction versus conventional post-editing in practice: A study with the CasMaCat workbench},
 year = {2014}
}


@book{sjorup2013cognitive,
  title={Cognitive effort in metaphor translation: An eye-tracking and key-logging study},
  author={Sj{\o}rup, Annette C},
  year={2013},
  publisher={Copenhagen Business SchoolCopenhagen Business School, Institut for Internationale Sprogstudier og Vidensteknologi (Oph{\o}rt organisation) Department of International Language Studies and Computational Linguistics}
}

@inproceedings{skadicnvs2011evaluation,
 author = {Skadi{ņ}{š}, Raivis and Puri{ņ}{š}, Maris and Skadi{ņ}a, Inguna and Vasi{ļ}jevs, Andrejs},
 booktitle = {15th International Conference of the European Association for Machine Translation},
 editor = {Forcada, M. L., Depraetere, H., and Vandeghinste, V.},
 pages = {35--40},
 title = {Evaluation of SMT in localization to under-resourced inflected},
 year = {2011}
}


@inproceedings{sousa2011,
 address = {Hissar, Bulgaria},
 author = {De Sousa, Sheila CM and Aziz, Wilker and Specia, Lucia},
 booktitle = {Recent Advances in Natural Language Processing (RANLP-2011)},
 pages = {97--103},
 title = {Assessing the Post-Editing Effort for Automatic and Semi-Automatic Translations of DVD Subtitles.},
 year = {2011}
}


@book{Sperber1986,
 address = {Oxford},
 author = {Sperber, D, D. Wilson.},
 publisher = {Blackwell (second edition 1995)},
 title = {Relevance: Communication and cognition},
 year = {1986}
}


@article{deSousa2005,
	url = {clg.wlv.ac.uk/papers/ranlp-2011_sousa.pdf},
	urldate = {January 2013},
	title = {Teoria da Relevância.},
	pages = {221--268},
	year = {2005},
	journal = {Linguagem em (Dis)curso.},
	address = {Tubarão},
	volume = {5}
}


@inproceedings{specia2009estimating,
  title={Estimating the sentence-level quality of machine translation systems},
  author={Specia, Lucia and Turchi, Marco and Cancedda, Nicola and Dymetman, Marc and Cristianini, Nello},
  booktitle={13th Conference of the European Association for Machine Translation},
  pages={28--37},
  year={2009}
}

@inproceedings{specia2011exploiting,
 author = {Specia, Lucia},
 booktitle = {Proceedings of the 15th Conference of the European Association for Machine Translation},
 editor = {Forcada, M.L. and Depraetere, H. and Vandeghinste, V.},
 pages = {73--80},
 title = {Exploiting objective annotations for measuring translation post-editing effort},
 year = {2011}
}


@inproceedings{underwood2014evaluating,
  title={Evaluating the effects of interactivity in a post-editing workbench.},
  author={Underwood, Nancy L and Mesa-Lao, Bartolom{\'e} and Garc{\'\i}a-Mart{\'\i}nez, Mercedes and Carl, Michael and Alabau, Vicent and Gonz{\'a}lez-Rubio, Jes{\'u}s and Leiva, Luis A and Sanchis-Trilles, Germ{\'a}n and Ort{\'\i}z-Mart{\'\i}nez, Daniel and Casacuberta, Francisco},
  booktitle={LREC},
  pages={553--559},
  year={2014}
}


@inproceedings{alabau2013advanced,
 author = {Alabau, Vicent and Bonk, Ragnar and Buck, Christian and Carl, Michael and Casacuberta, Francisco and García-Martínez, Mercedes and González, Jesús and Leiva, Luis and Mesa-lao, Bartolomé and Ortiz, Daniel and others},
 booktitle = {2nd Workshop on Post-Editing Technologies and Practice},
 organization = {Citeseer},
 pages = {55--62},
 title = {Advanced computer aided translation with a web-based workbench},
 year = {2013}
}


@article{wilson1993linguistic,
  title={Linguistic form and relevance},
  author={Wilson, Deirdre and Sperber, Dan},
  journal={Lingua},
  volume={90},
  number={1},
  pages={1--25},
  year={1993},
  publisher={Elsevier}
}

@article{wilson2011conceptual,
 address = {Bingley},
 author = {Wilson, Deirdre},
 editor = {Escandell-Vidal, V. and Leonetti, M. and Ahern, A. },
 journal = {Procedural meaning: Problems and perspectives},
 pages = {3--31},
 publisher = {Emerald},
 title = {The conceptual-procedural distinction: Past, present and future},
 year = {2011}
}


@article{bates2014lme4,
 author = {Bates, Douglas and Maechler, Martin and Bolker, Ben and Walker, Steven and others},
 note = {R package version},
 number = {1},
 pages = {1--6},
 title = {lme4: Linear mixed-effects models using Eigen and S4 [Software manual]},
 url = {http://cran.r-project.org/web/packages/lme4/index.html},
 volume = {1},
 year = {2014}
}


@article{boston2008parsing,
 author = {Boston, Marisa and Hale, John and Kliegl, Reinhold and Patil, Umesh and Vasishth, Shravan},
 journal = {The Mind Research Repository (beta)},
 number = {1},
 pages = {1--12},
 title = {Parsing costs as predictors of reading difficulty: An evaluation using the Potsdam Sentence Corpus},
 volume = {2},
 year = {2008}
}


@article{clifton2007eye,
 address = {Amsterdam},
 author = {Clifton, Charles and Staub, Adrian and Rayner, Keith},
 editor = {van Gompel, R. and Fisher, M. and Murray, W. and Hill, R.L.},
 journal = {Eye movements: A window on mind and brain},
 pages = {341--371},
 publisher = {Elsevier},
 title = {Eye movements in reading words and sentences},
 year = {2007}
}


@article{demberg2008data,
  title={Data from eye-tracking corpora as evidence for theories of syntactic processing complexity},
  author={Demberg, Vera and Keller, Frank},
  journal={Cognition},
  volume={109},
  number={2},
  pages={193--210},
  year={2008},
  publisher={Elsevier}
}

@article{eichhoff2009denken,
 address = {Wiesbaden},
 author = {Eichhoff-Cyrus, Karin M and Antos, Gerd and Schulz, Rüdiger},
 publisher = {Gesellschaft für deutsche Sprache},
 title = {Wie denken die Deutschen über die Rechts- und Verwaltungssprache? Eine repräsentative Umfrage der Gesellschaft für deutsche Sprache},
 year = {2009}
}


@article{eichhoff2009einstellungen,
  title={Einstellungen der Justiz zu Rechts-und Verwaltungssprache. Eine Trendumfrage},
  author={Eichhoff-Cyrus, Karin M and Strobel, Thomas},
  journal={Der Sprachdienst},
  volume={53},
  number={5},
  pages={133--151},
  year={2009}
}

@article{engbert2005swift,
 author = {Engbert, Ralf and Nuthmann, Antje and Richter, Eike M and Kliegl, Reinhold},
 journal = {Psychological review},
 number = {4},
 pages = {777--813},
 publisher = {American Psychological Association},
 title = {SWIFT: a dynamical model of saccade generation during reading.},
 volume = {112},
 year = {2005}
}


@article{frank2013reading,
  title={Reading time data for evaluating broad-coverage models of English sentence processing},
  author={Frank, Stefan L and Monsalve, Irene Fernandez and Thompson, Robin L and Vigliocco, Gabriella},
  journal={Behavior research methods},
  volume={45},
  number={4},
  pages={1182--1190},
  year={2013},
  publisher={Springer}
}

@article{hansen2006comprehensible,
  title={Comprehensible legal texts-utopia or a question of wording? On processing rephrased German court decisions},
  author={Hansen, Sandra and Dirksen, Ralph and K{\"u}chler, Martin and Kunz, Kerstin and Neumann, Stella},
  journal={Hermes},
  volume={36},
  pages={15--40},
  year={2006}
}

@incollection{Hansen-Schirra2004,
	address = {Berlin \& New York City, NY},
	author = {Hansen-Schirra, S.  and  Neumann, S},
	booktitle = {Recht verstehen. Verständlichkeit, Missverständlichkeit und Unverständlichkeit von Recht (Bd. 1 - Die Sprache des Rechts, pp.)},
	editor = {K. D. Lerch},
	pages = {167--184},
	publisher = {de Gruyter},
	title = {Linguistische Verständlichmachung in der juristischen Realität},
	year = {2004}
}

@article{hyona2003eye,
  title={Eye movement measures to study global text processing},
  author={Hy{\"o}n{\"a}, Jukka and Lorch, RF and Rinck, Mike},
  journal={The mind’s eye: Cognitive and applied aspects of eye movement research},
  pages={313--334},
  year={2003},
  publisher={Elsevier Science Amsterdam}
}

@article{jaeger2008categorical,
  title={Categorical data analysis: Away from ANOVAs (transformation or not) and towards logit mixed models},
  author={Jaeger, T Florian},
  journal={Journal of memory and language},
  volume={59},
  number={4},
  pages={434--446},
  year={2008},
  publisher={Elsevier}
}

@misc{Kennedy2003,
	author = {Kennedy, A},
	title = {The Dundee Corpus. [CD-ROM]. School of Psychology, The University of Dundee.},
	year = {2003}
}

@article{kliegl2004length,
  title={Length, frequency, and predictability effects of words on eye movements in reading},
  author={Kliegl, Reinhold and Grabner, Ellen and Rolfs, Martin and Engbert, Ralf},
  journal={European Journal of Cognitive Psychology},
  volume={16},
  number={1-2},
  pages={262--284},
  year={2004},
  publisher={Taylor \& Francis}
}

@article{kliegl2006tracking,
  title={Tracking the mind during reading: the influence of past, present, and future words on fixation durations.},
  author={Kliegl, Reinhold and Nuthmann, Antje and Engbert, Ralf},
  journal={Journal of experimental psychology: General},
  volume={135},
  number={1},
  pages={12},
  year={2006},
  publisher={American Psychological Association}
}

@incollection{mueller-feldmeth2013,
 address = {Marseille},
 author = {Müller-Feldmeth, D. and Wolfer, S. and Konieczny, L.},
 booktitle = {Proceedings of the 19th Architectures and Mechanisms for Language Processing (AMLaP)},
 editor = {Frenck-Mestre, C. and Alario, F.-X. and Nguyen, N. and Blache, P. and Meunier, C.},
 title = {The influence of pre-verbal referents on verb processing: Evidence for similarity-based interference from a new German reading corpus.},
 year = {2013}
}


@book{oksaar1988fachsprachliche,
 address = {Tübingen},
 author = {Oksaar, Els},
 publisher = {Gunter Narr Verlag},
 title = {Fachsprachliche Dimensionen},
 volume = {4},
 year = {1988}
}


@inproceedings{patil2009compound,
 address = {Manchester},
 author = {Patil, Umesh and Vasishth, Shravan and Kliegl, Reinhold},
 booktitle = {Proceedings of 9th international conference on cognitive modeling.},
 editor = {Howes, A. and Peebles, D. and Cooper, R.},
 pages = {92--97},
 title = {Compound effect of probabilistic disambiguation and memory retrievals on sentence processing: Evidence from an eyetracking corpus},
 year = {2009}
}


@misc{Plaehn1998,
 address = {Saarbrücken},
 author = {Plaehn, O},
 link = {http://www.coli.uni-saarland.de/projects/sfb378/negra-corpus/annotate-manual.ps.gz},
 title = {Annotate Programm-Dokumentation (NEGRA Project Report)},
 url = {http://www.coli.uni-saarland.de/projects/sfb378/negra-corpus/annotate-manual.ps.gz},
 urldate = {21st 2015},
 year = {1998}
}


@article{pynte2008multiple,
 author = {Pynte, Joel and New, Boris and Kennedy, Alan},
 journal = {Journal of Eye Movement Research},
 number = {1},
 pages = {1--11},
 title = {A multiple regression analysis of syntactic and semantic influences in reading normal text},
 volume = {2},
 year = {2008}
}


@book{R2014,
 address = {Vienna, Austria},
 author = {R Core Team.},
 publisher = {A language and environment for statistical computing [Software manual]. Vienna, Austria. Accessible under http:},
 title = {A language and environment for statistical computing [Software manual]},
 url = {http://www.r-project.org},
 year = {2014}
}


@incollection{Rayner2006,
 address = {Amsterdam},
 author = {Rayner, K.  and  Pollatsek, A},
 booktitle = {Handbook of psycholinguistics (2. ed., pp.)},
 editor = {M. J. Traxler \& M. A. Gernsbacher},
 pages = {613--657},
 publisher = {Elsevier},
 title = {Eye movement control in reading},
 year = {2006}
}


@article{reichle2003ez,
 author = {Reichle, Erik D and Rayner, Keith and Pollatsek, Alexander},
 journal = {Behavioral and brain sciences},
 number = {04},
 pages = {477--526},
 publisher = {Cambridge Univ Press},
 title = {The EZ Reader model of eye-movement control in reading: Comparisons to other models},
 volume = {26},
 year = {2003}
}


@article{Towfigh2009,
	author = {Towfigh, E. V},
	journal = {Der Staat},
	number = {48},
	pages = {29--73},
	title = {Komplexität und Normenklarheit - oder: Gesetze sind für Juristen gemacht},
	volume = {1},
	year = {2009}
}

@misc{hildegard1981deutsche,
 address = {Düsseldorf},
 author = {Hildegard, Wagner},
 edition = {3},
 title = {Die deutsche Verwaltungssprache der Gegenwart},
 year = {1981}
}


@article{white2008eye,
 author = {White, Sarah J},
 journal = {Journal of Experimental Psychology: Human Perception and Performance},
 number = {1},
 publisher = {American Psychological Association},
 title = {Eye movement control during reading: Effects of word frequency and orthographic familiarity.},
 pages = {205--223},
 volume = {34},
 year = {2008}
}


@incollection{wolfer2013,
	author = {Wolfer, Sascha and Müller-Feldmeth, Daniel and Konieczny, Lars and Held, Uli and Maksymski, Karin and Hansen-Schirra, Silvia and Hansen, Sandra and Auer, Peter},
	year = {2013},
	title = {PopSci: A reading corpus of popular science texts with rich multi-level annotations. A case study.},
	editor = {K. Holmqvist, F. Mulvey \& R. Johansson},
	booktitle = {Book of Abstracts of the 17th European Conference on Eye Movements.},
	address = {Lund}
}
